% Books ------------------------------------------------------------------------

@book{achen-1982-interpreting,
  title = {Interpreting and Using Regression},
  author = {Achen, Christopher H.},
  isbn = {9780803900004},
  lccn = {82042675},
  series = {Interpreting and Using Regression},
  year = {1982},
  publisher = {Sage Publications}
}

@book{pearl-2009-causality,
  author = {Pearl, Judea},
  title = {Causality: Models, Reasoning and Inference},
  year = {2009},
  isbn = {052189560X},
  publisher = {Cambridge University Press},
  address = {USA},
  edition = {2nd}
}


% Articles ---------------------------------------------------------------------

@article{strumbelj-2014-explaining,
  author = {{Š}trumbelj, Erik and Kononenko, Igor},
  title = {Explaining prediction models and individual predictions with feature contributions},
  journal = {Knowledge and Information Systems},
  year = {2014},
  volume = {31},
  number = {3},
  pages = {647--665},
  url = {https://doi.org/10.1007/s10115-013-0679-x}
}

@article{gosiewska-2019-iBreakDown,
  author    = {Alicja Gosiewska and Przemyslaw Biecek},
  title     = {iBreakDown: Uncertainty of Model Explanations for Non-additive Predictive
               Models},
  journal   = {CoRR},
  volume    = {abs/1903.11420},
  year      = {2019},
  url       = {http://arxiv.org/abs/1903.11420},
  archivePrefix = {arXiv},
  eprint    = {1903.11420},
  timestamp = {Tue, 02 Apr 2019 11:16:55 +0200},
  biburl    = {https://dblp.org/rec/journals/corr/abs-1903-11420.bib},
  bibsource = {dblp computer science bibliography, https://dblp.org}
}

@article{veronika-2017-catboost,
  author = {Anna Veronika Dorogush and Andrey Gulin and Gleb Gusev and Nikita Kazeev and Liudmila Ostroumova Prokhorenkova and
               Aleksandr Vorobev},
  title = {Fighting biases with dynamic boosting},
  journal = {CoRR},
  volume = {abs/1706.09516},
  year = {2017},
  url = {http://arxiv.org/abs/1706.09516},
  archivePrefix = {arXiv},
  eprint = {1706.09516},
  timestamp = {Mon, 13 Aug 2018 16:46:23 +0200},
  biburl = {https://dblp.org/rec/journals/corr/DorogushGGKPV17.bib},
  bibsource = {dblp computer science bibliography, https://dblp.org}
}

@article{chen-2016-xgboost,
  author = {Tianqi Chen and Carlos Guestrin},
  title = {XGBoost: {A} Scalable Tree Boosting System},
  journal = {CoRR},
  volume = {abs/1603.02754},
  year = {2016},
  url = {http://arxiv.org/abs/1603.02754},
  archivePrefix = {arXiv},
  eprint = {1603.02754},
  timestamp = {Mon, 13 Aug 2018 16:47:00 +0200},
  biburl = {https://dblp.org/rec/journals/corr/ChenG16.bib},
  bibsource = {dblp computer science bibliography, https://dblp.org}
}

@article{R-sellereite,
  doi = {10.21105/joss.02027},
  url = {https://doi.org/10.21105/joss.02027},
  year = {2019},
  publisher = {The Open Journal},
  volume = {5},
  number = {46},
  pages = {2027},
  author = {Nikolai Sellereite and Martin Jullum},
  title = {shapr: An R-package for explaining machine learning models with dependence-aware Shapley values},
  journal = {Journal of Open Source Software}
}


% Other ------------------------------------------------------------------------

@misc{chen-2020-true,
  title={True to the Model or True to the Data?}, 
  author={Hugh Chen and Joseph D. Janizek and Scott Lundberg and Su-In Lee},
  year={2020},
  eprint={2006.16234},
  archivePrefix={arXiv},
  primaryClass={cs.LG}
}

@misc{aas-2019-explaining,
  title = {Explaining individual predictions when features are dependent: More accurate approximations to Shapley values},
  author = {Kjersti Aas and Martin Jullum and Anders Løland},
  year = {2019},
  eprint = {1903.10464},
  archivePrefix = {arXiv},
  primaryClass = {stat.ML}
}

@misc{R-shapFlex,
  title = {Shapley Decomposition of R-Squared in Machine Learning Models},
  author = {Nickalus Redell},
  year = {2019},
  eprint = {1908.09718},
  archivePrefix = {arXiv},
  primaryClass = {stat.ME}
}

@misc{frye-2019-asymmetric,
  title = {Asymmetric Shapley values: incorporating causal knowledge into model-agnostic explainability},
  author = {Christopher Frye and Ilya Feige and Colin Rowat},
  year = {2019},
  eprint = {1910.06358},
  archivePrefix = {arXiv},
  primaryClass = {stat.ML}
}

@incollection{lundberg-2017-KernelSHAP,
	Author = {Lundberg, Scott M and Lee, Su-In},
	Booktitle = {Advances in Neural Information Processing Systems 30},
	Editor = {I. Guyon and U. V. Luxburg and S. Bengio and H. Wallach and R. Fergus and S. Vishwanathan and R. Garnett},
	Pages = {4765--4774},
	Publisher = {Curran Associates, Inc.},
	Title = {A Unified Approach to Interpreting Model Predictions},
	Url = {http://papers.nips.cc/paper/7062-a-unified-approach-to-interpreting-model-predictions.pdf},
	Year = {2017},
	Bdsk-Url-1 = {http://papers.nips.cc/paper/7062-a-unified-approach-to-interpreting-model-predictions.pdf}
}
	
@incollection{ke-2017-lightgbm,
	Author = {Ke, Guolin and Meng, Qi and Finley, Thomas and Wang, Taifeng and Chen, Wei and Ma, Weidong and Ye, Qiwei and Liu, Tie-Yan},
	Booktitle = {Advances in Neural Information Processing Systems 30},
	Editor = {I. Guyon and U. V. Luxburg and S. Bengio and H. Wallach and R. Fergus and S. Vishwanathan and R. Garnett},
	Pages = {3146--3154},
	Publisher = {Curran Associates, Inc.},
	Title = {LightGBM: A Highly Efficient Gradient Boosting Decision Tree},
	Url = {http://papers.nips.cc/paper/6907-lightgbm-a-highly-efficient-gradient-boosting-decision-tree.pdf},
	Year = {2017},
	Bdsk-Url-1 = {http://papers.nips.cc/paper/6907-lightgbm-a-highly-efficient-gradient-boosting-decision-tree.pdf}}

@inbook{shapley-2016-value,
  author = {Lloyd S. Shapley},
  editor = {Harold William Kuhn and Albert William Tucker},
  url = {https://doi.org/10.1515/9781400881970-018},
  title = {17. A Value for n-Person Games},
  booktitle = {Contributions to the Theory of Games (AM-28), Volume II},
  year = {2016},
  publisher = {Princeton University Press},
  pages = {307--318}
}

@InProceedings{janzing-2020-feature, 
  title = {Feature relevance quantification in explainable AI: A causal problem}, 
  author = {Janzing, Dominik and Minorics, Lenon and Bloebaum, Patrick}, 
  booktitle = {Proceedings of the Twenty Third International Conference on Artificial Intelligence and Statistics}, 
  pages = {2907--2916}, 
  year = {2020}, 
  editor = {Silvia Chiappa and Roberto Calandra},
  olume = {108}, 
  series = {Proceedings of Machine Learning Research}, 
  publisher = {PMLR}, 
  url = {http://proceedings.mlr.press/v108/janzing20a.html}
}
